@article{Chakraborti:2018aae,
      author         = "Chakraborti, Sreemanti and Dutta Banik, Amit and Islam,
                        Rashidul",
      title          = "{Probing Multicomponent Extension of Inert Doublet Model
                        with a Vector Dark Matter}",
      year           = "2018",
      eprint         = "1810.05595",
      archivePrefix  = "arXiv",
      primaryClass   = "hep-ph",
      SLACcitation   = "%%CITATION = ARXIV:1810.05595;%%"
}

@article{Lewis:2017dme,
      author         = "Lewis, Ian M. and Sullivan, Matthew",
      title          = "{Benchmarks for Double Higgs Production in the Singlet
                        Extended Standard Model at the LHC}",
      journal        = "Phys. Rev.",
      volume         = "D96",
      year           = "2017",
      number         = "3",
      pages          = "035037",
      doi            = "10.1103/PhysRevD.96.035037",
      eprint         = "1701.08774",
      archivePrefix  = "arXiv",
      primaryClass   = "hep-ph",
      SLACcitation   = "%%CITATION = ARXIV:1701.08774;%%"
}

@article{Saez:2018off,
      author         = "Díaz Sáez, Bastian and Rojas-Abatte, Felipe and
                        Zerwekh, Alfonso R.",
      title          = "{Dark Matter from a Vector Field in the Fundamental
                        Representation of $SU(2)_L$}",
      year           = "2018",
      eprint         = "1810.06375",
      archivePrefix  = "arXiv",
      primaryClass   = "hep-ph",
      SLACcitation   = "%%CITATION = ARXIV:1810.06375;%%"
}
